<?xml version="1.0" encoding="UTF-8"?><collection xmlns="http://www.loc.gov/MARC21/slim"><record><leader>00394nam--2200121-i-4500</leader><controlfield tag="001">000027147</controlfield><controlfield tag="002">20161230</controlfield><controlfield tag="005">20161230201036</controlfield><controlfield tag="008">060222s1000------------r-----000-0-eng-d</controlfield><datafield ind1=" " ind2=" " tag="100"><subfield code="a">Kodama, Kazunobu</subfield></datafield><datafield ind1=" " ind2=" " tag="245"><subfield code="a">Methods of quantitative inorganic analysis. an encyclopedia of gravimetric, titrimetric and colorimetric methods</subfield></datafield><datafield ind1=" " ind2=" " tag="260"><subfield code="a">London, Interscience Publ., 1963, Xiv + 507p</subfield></datafield><datafield ind1=" " ind2=" " tag="852"><subfield code="a">19237</subfield></datafield></record></collection>